
@techreport{StatisticsCanada1991,
  title = {Concordance between the Standard Industrial Classifications of {{Canada}} and the {{United States}}, 1980 {{Canadian SIC}} - 1987 {{United States SIC}}},
  shorttitle = {Concordance between the Standard Industrial Classifications of {{Canada}} and the {{United States}}, 1980 {{Canadian SIC}} - 1987 {{United States SIC}} .},
  author = {{STATISTICS CANADA} and {BUREAU OF THE CENSUS}},
  year = {1991},
  institution = {{Statistics Canada}},
  url = {http://publications.gc.ca/site/eng/9.847987/publication.html},
  urldate = {2020-01-30},
  abstract = {Publication information / bibliographic Record.},
  file = {Snapshot:/home/vilhuber/Zotero/storage/W96MSSNX/publication.html:text/html},
  language = {eng},
  number = {12-574E},
  timestamp = {2020-01-30T04:52:04Z},
  type = {Catalogue {{No}}.}
}

@misc{StatisticsCanada2019,
  title = {Longitudinal {{Employment Analysis Program}} ({{LEAP}})},
  author = {{Statistics Canada}},
  year = {2019},
  month = jun,
  url = {https://www23.statcan.gc.ca/imdb/p2SV.pl?Function=getSurvey\&SDDS=8013},
  urldate = {2020-01-30},
  abstract = {The Longitudinal Employment Analysis Program (LEAP) is a database that contains annual employment information for each employer business in Canada, starting with the 1983 reference year.},
  file = {Snapshot:/home/vilhuber/Zotero/storage/APC5KYSD/p2SV.html:text/html},
  language = {eng},
  timestamp = {2020-01-30T04:15:02Z}
}

@misc{StatisticsCanada2019a,
  title = {Survey of {{Employment}}, {{Payrolls}} and {{Hours}} ({{SEPH}})},
  author = {{Statistics Canada}},
  year = {2019},
  month = dec,
  url = {https://www23.statcan.gc.ca/imdb/p2SV.pl?Function=getSurvey\&SDDS=2612},
  urldate = {2020-01-30},
  abstract = {The Survey of Employment, Payrolls and Hours provides a monthly portrait of the amount of earnings, as well as the number of jobs (i.e., occupied positions) and hours worked by detailed industry at the national, provincial and territorial levels.},
  file = {Snapshot:/home/vilhuber/Zotero/storage/W4BCMUAW/p2SV.html:text/html},
  language = {eng},
  timestamp = {2020-01-30T04:15:07Z}
}

@misc{StatisticsCanada2019b,
  title = {Business {{Register}} ({{BR}})},
  author = {{Statistics Canada}},
  year = {2019},
  month = jul,
  url = {https://www23.statcan.gc.ca/imdb/p2SV.pl?Function=getSurvey\&SDDS=1105},
  urldate = {2020-01-30},
  abstract = {The Business Register (BR) is Statistics Canada's continuously-maintained central repository of baseline information on businesses and institutions operating in Canada. As a statistical register, it provides listings of units and related attributes required for survey sampling frames, data integration, stratification and business demographic statistics.},
  file = {Snapshot:/home/vilhuber/Zotero/storage/4SPTE7EI/p2SV.html:text/html},
  language = {eng},
  timestamp = {2020-01-30T04:15:11Z}
}


